<record><leader>00000cas a2200000 a 4500</leader><controlfield tag="001">34330028</controlfield><controlfield tag="008">960307d18951913caudn ne      0    0eng c</controlfield><datafield ind1=" " ind2=" " tag="010"><subfield code="a">sn 95062270 </subfield></datafield><datafield ind1=" " ind2=" " tag="040"><subfield code="a">CNK</subfield><subfield code="b">eng</subfield><subfield code="c">CNK</subfield><subfield code="d">OCLCQ</subfield><subfield code="d">CNK</subfield><subfield code="d">OCLCQ</subfield><subfield code="d">OCLCF</subfield><subfield code="d">OCLCO</subfield></datafield><datafield ind1="1" ind2=" " tag="029"><subfield code="a">AU@</subfield><subfield code="b">000025876201</subfield></datafield><datafield ind1=" " ind2=" " tag="042"><subfield code="a">pcc</subfield></datafield><datafield ind1=" " ind2=" " tag="043"><subfield code="a">n-us-ca</subfield></datafield><datafield ind1="0" ind2="4" tag="245"><subfield code="a">The Petaluma daily courier.</subfield></datafield><datafield ind1=" " ind2=" " tag="260"><subfield code="a">Petaluma, Calif. :</subfield><subfield code="b">Petaluma Courier Co.</subfield></datafield><datafield ind1=" " ind2=" " tag="300"><subfield code="a">v.</subfield></datafield><datafield ind1=" " ind2=" " tag="310"><subfield code="a">Daily (except Sun.)</subfield></datafield><datafield ind1="0" ind2=" " tag="362"><subfield code="a">Vol. 22, no. 156 (July 8, 1895)-v. 54, no. 74 (Mar. 2, 1913).</subfield></datafield><datafield ind1=" " ind2=" " tag="530"><subfield code="a">Master negatives are available for duplication from:</subfield><subfield code="b">California Newspaper Microfilm Archive;</subfield><subfield code="c">positive copies may be purchased by the reel; for further information consult the CNMA at:</subfield><subfield code="u">http://cbsr.ucr.edu</subfield></datafield><datafield ind1=" " ind2="0" tag="651"><subfield code="a">Petaluma (Calif.)</subfield><subfield code="v">Newspapers.</subfield></datafield><datafield ind1=" " ind2="7" tag="655"><subfield code="a">Newspapers.</subfield><subfield code="2">fast</subfield><subfield code="0">(OCoLC)fst01423814</subfield></datafield><datafield ind1=" " ind2="7" tag="651"><subfield code="a">California</subfield><subfield code="z">Petaluma.</subfield><subfield code="2">fast</subfield><subfield code="0">(OCoLC)fst01207700</subfield></datafield><datafield ind1=" " ind2=" " tag="752"><subfield code="a">United States</subfield><subfield code="b">California</subfield><subfield code="c">Sonoma</subfield><subfield code="d">Petaluma.</subfield></datafield><datafield ind1="0" ind2=" " tag="775"><subfield code="t">Petaluma courier (Petaluma, Calif. : 1895)</subfield><subfield code="w">(DLC)sn2007060103</subfield></datafield><datafield ind1="0" ind2="0" tag="780"><subfield code="t">Daily courier (Petaluma, Calif.)</subfield><subfield code="w">(DLC)sn 96061035</subfield></datafield><datafield ind1="0" ind2="0" tag="785"><subfield code="t">Petaluma daily morning courier</subfield><subfield code="w">(DLC)sn 93053310</subfield></datafield></record>